@book{sql,
  title={Sams Teach Yourself},
  author={Ben Forta},
  isbn={0672336073},
  year={2012},
}

@book{craigspring,
  title={Spring in Action, Fourth Edition},
  author={Craig Walls},
  isbn={9788328308497},
  year={2015},
}

@misc{springporadnik,
  author = {Przemys≈Çaw Bykowski},
  title = {Spring Boot od podstaw},
  howpublished = "\url{https://www.youtube.com/playlist?list=PLUtcRmGoaP27ypMB5aokWbf9KWuWv3UDC/}",
  year = {2019}, 
}

@misc{springsecurity,
  author = {Java Brains},
  title = {Spring Security},
  howpublished = "\url{https://www.youtube.com/playlist?list=PLqq-6Pq4lTTYTEooakHchTGglSvkZAjnE/}",
  year = {2019}, 
}

@misc{rest,
  author = {What is A RESTful API?},
  title = {Traversy Media},
  howpublished = "\url{https://www.youtube.com/watch?v=Q-BpqyOT3a8/}",
  year = {2017}, 
}

@misc{angular,
  author = {Angular 8 Full Course - Learn Angular in 8 Hours | Angular Tutorial For Beginners},
  title = {edureka!},
  howpublished = "\url{https://www.youtube.com/watch?v=oXr4lpXEg1o/}",
  year = {2019}, 
}